
@book{ansermet_thermodynamique_2020,
	address = {Lausanne},
	edition = {2e éd. revue et augmentée},
	series = {Traité de physique},
	title = {Thermodynamique},
	isbn = {9782889153381},
	language = {fre},
	publisher = {EPFL press},
	author = {Ansermet, Jean-Philippe and Bréchet, Sylvain},
	year = {2020},
}

@book{ansermet_thermodynamique:_2020,
	address = {Lausanne},
	series = {Traité de physique},
	title = {Thermodynamique: exercices},
	isbn = {9782889153398},
	shorttitle = {Thermodynamique},
	language = {fre},
	publisher = {EPFL press},
	author = {Ansermet, Jean-Philippe and Bréchet, Sylvain},
	year = {2020},
}

@book{vernier_thermo:_2020,
	address = {Malakoff},
	series = {Fluoresciences},
	title = {Thermo: thermodynamique},
	isbn = {9782100802906},
	shorttitle = {Thermo},
	abstract = {En couleur et très illustré, ce manuel a été conçu pour vous qui débutez un cursus scientifique universitaire.Il vous permettra d'acquérir les connaissances fondamentales en thermodynamique mais aussi la démarche et la rigueur scientifiques indispensables aux études supérieures.De multiples rubriques vous garantissent un apprentissage progressif et complet : un cours visuel avec de nombreux exemples concrets pour introduire et illustrer les notions et concepts clés ; des encadrés méthodologiques pour vous guider vers les bonnes pratiques ; des focus sur des applications, sujets de recherche ou thèmes d'actualité ; des repères historiques ; de nombreux QCM et exercices (tous corrigés) pour tester vos acquis et vous entraîner},
	language = {fre},
	publisher = {Dunod},
	author = {Vernier, Nicolas and Even-Beaudoin, Catherine},
	year = {2020},
}

@book{cappe_elec:_2019,
	address = {Malakoff},
	series = {Fluoresciences},
	title = {Élec: électro-magnétisme},
	isbn = {9782100780846},
	shorttitle = {Élec},
	abstract = {Cette introduction à l'électromagnétisme a pour objectif de permettre aux étudiants entrant en Licence de renforcer et d'approfondir leur compréhension conceptuelle des bases de l'électromagnétisme. Les concepts abordés sont mis en relation avec des expériences de la vie courante. Les multiples rubriques (encadrés méthodologiques, focus, repères historiques, QCM et exercices corrigés) permettent un apprentissage progressif et complet des connaissances et font de cet ouvrage un support idéal pour l'apprentissage en autonomie et le parfait compagnon de la classe inversée},
	language = {fre},
	publisher = {Dunod},
	author = {Cappe, Christophe},
	year = {2019},
}

@book{reuse_electrodynamique_2012,
	address = {Lausanne [Paris]},
	series = {Traité de physique},
	title = {Électrodynamique},
	isbn = {9782880748784},
	language = {fre},
	publisher = {Presses polytechniques et universitaires romandes [diff. GEODIF]},
	author = {Reuse, François A.},
	year = {2012},
}

@book{piskunov_calcul_1993,
	address = {Moscou [Paris]},
	edition = {12ème éd},
	title = {Calcul différentiel et intégral},
	isbn = {9782729893408 9782729893415},
	language = {fre},
	publisher = {Éd. Mir Ellipses},
	author = {Piskunov, Nikolaj Semènovič and Der Mégréditchian, Guy and Gloukhian, Edouard},
	year = {1993},
}
